@techreport{Sol2017QuaternionKF,
  title={Quaternion kinematics for the error-state Kalman filter},
  author={Joan Sol{\`a}},
  journal={ArXiv},
  year={2017},
  volume={abs/1711.02508},
  keywords={en}
}

@article{watson2013design,
  title={The design and implementation of a robust ahrs for integration into a quadrotor platform},
  author={Watson, Matthew},
  journal={Meng electronic engineering, Department of electronic \& electrical engineering},
  year={2013},
  keywords={en}
}


@article{bresciani2008modelling,
  title={Modelling, identification and control of a quadrotor helicopter},
  author={Bresciani, Tammaso},
  journal={MSc theses},
  year={2008},
  keywords={en}
}



@manual{armv7marchman,
  title        = {{ARM® v7-M} Architecture Reference Manual},
  author       = {{ARM Limited}},
  organization = {ARM},
  year         = {2018},
  url          = {https://developer.arm.com/documentation/ddi0403/ed},
  keywords     = {en}
}

@manual{armcortexm4refman,
  title        = {{Cortex®-M4} Technical Reference Manual (Revision r0p1)},
  author       = {{ARM Limited}},
  organization = {ARM},
  year         = {2020},
  url          = {https://developer.arm.com/documentation/100166/0001/},
  keywords     = {en}
}


@manual{stmcurefman,
  title        = {{RM0090} Reference manual {STM32F405/415, STM32F407/417, STM32F427/437 and STM32F429/439} advanced {ARM®}-based 32-bit {MCU}s},
  author       = {{ST Microelectronics}},
  organization = {ST Microelectronics},
  year         = {2020},
  url          = {https://www.st.com/resource/en/reference_manual/dm00031020-stm32f405-415-stm32f407-417-stm32f427-437-and-stm32f429-439-advanced-arm-based-32-bit-mcus-stmicroelectronics.pdf},
  keywords     = {en}
}

@manual{stmerrasheet,
  title        = {Errata sheet {STM32F427/437} and {STM32F429/439} line limitations},
  author       = {{ST Microelectronics}},
  organization = {ST Microelectronics},
  year         = {2021},
  url          = {https://www.st.com/resource/en/errata_sheet/es0206-stm32f427437-and-stm32f429439-line-limitations-stmicroelectronics.pdf},
  keywords     = {en}
}


@manual{ststdperiphman,
  title        = {{UM1061} Description of {STM32F2xx} Standard Peripheral Library},
  author       = {{ST Microelectronics}},
  organization = {ST Microelectronics},
  year         = {2011},
  url          = {https://www.st.com/resource/en/user_manual/um1061-description-of-stm32f2xx-standard-peripheral-library-stmicroelectronics.pdf},
  keywords     = {en}
}

@manual{gccconfarm,
title        = {GCC Manual, Arm Options},
author       = {{GNU}},
organization = {{GNU}},
year         = { },
url          = {https://gcc.gnu.org/onlinedocs/gcc/ARM-Options.html},
keywords     = {en}
}











